Speaks about recognising a series of activities using mobile phones
@article{kwapisz2011activity,
  title={Activity recognition using cell phone accelerometers},
  author={Kwapisz, Jennifer R and Weiss, Gary M and Moore, Samuel A},
  journal={ACM SigKDD Explorations Newsletter},
  volume={12},
  number={2},
  pages={74--82},
  year={2011},
  publisher={ACM}
}

Speaks about the feasibility of recognising foot gestures using an accelerometer in the pocket. Comes to the conclusion that it can work quite well, but could not be performed on a 2010's mobile phone - would not work well on the device
@inproceedings{scott2010sensing,
	title={Sensing foot gestures from the pocket},
	author={Scott, Jeremy and Dearman, David and Yatani, Koji and Truong, Khai N},
	booktitle={Proceedings of the 23nd annual ACM symposium on User interface software and technology},
	pages={199--208},
	year={2010},
	organization={ACM}
}

@MISC{NHS2014DVT,
  author = {NHS},
  title = {Deep vein thrombosis},
  year = {2014},
  url = {http://www.nhs.uk/conditions/deep-vein-thrombosis/pages/introduction.aspx}
}

@MISC{virgin2015exercises,
  author = {Virgin Atlantic},
  title = {Inflight exercise},
  year = {2015},
  url = {http://www.virgin-atlantic.com/gb/en/travel-information/your-health/inflight-exercise.html}
}

Discusses using SVMs on phones and the challenges of doing so
@incollection{anguita2012human,
	title={Human activity recognition on smartphones using a multiclass hardware-friendly support vector machine},
	author={Anguita, Davide and Ghio, Alessandro and Oneto, Luca and Parra, Xavier and Reyes-Ortiz, Jorge L},
	booktitle={Ambient assisted living and home care},
	pages={216--223},
	year={2012},
	publisher={Springer}
}

Discusses the workings of MLPs
@article{baum1988capabilities,
	title={On the capabilities of multilayer perceptrons},
	author={Baum, Eric B},
	journal={Journal of complexity},
	volume={4},
	number={3},
	pages={193--215},
	year={1988},
	publisher={Elsevier}
}

Original military paper describing RBFNs
@techreport{broomhead1988radial,
	title={Radial basis functions, multi-variable functional interpolation and adaptive networks},
	author={Broomhead, David S and Lowe, David},
	year={1988},
	institution={DTIC Document}
}

Curse of dimensionality was defined in this book
@book{bellman1957dynamic,
	title={Dynamic Programming},
	author={Bellman, R. and Rand Corporation},
	isbn={9780691079516},
	lccn={57005444},
	series={Rand Corporation research study},
	year={1957},
	publisher={Princeton University Press}
}

Hughes effect
@article{oommen2008objective,
	title={An objective analysis of support vector machine based classification for remote sensing},
	author={Oommen, Thomas and Misra, Debasmita and Twarakavi, Navin KC and Prakash, Anupma and Sahoo, Bhaskar and Bandopadhyay, Sukumar},
	journal={Mathematical geosciences},
	volume={40},
	number={4},
	pages={409--424},
	year={2008},
	publisher={Springer}
}

Curse of dimensionality doesn't affect time series
@incollection{bernecker2011quality,
	title={Quality of similarity rankings in time series},
	author={Bernecker, Thomas and Houle, Michael E and Kriegel, Hans-Peter and Kr{\"o}ger, Peer and Renz, Matthias and Schubert, Erich and Zimek, Arthur},
	booktitle={Advances in Spatial and Temporal Databases},
	pages={422--440},
	year={2011},
	publisher={Springer}
}
Datasheet for mBed Cortex M0
@MISC{mbed_datasheet,
	author = {NXP},
	year={2014},
	title = {User Manual for the {mBed LPC11U24}},
	url = {http://www.nxp.com/documents/user_manual/UM10462.pdf},
	note={Rev 5.3}
}

mBed website
@MISC{mbed_website,
	author = {mBed},
	title = {{mBed Developer Website}},
	url ={https://developer.mbed.org/handbook/mbed-Microcontrollers}
}

Sensor library
@MISC{sensory_library,
	author = {Seeed-Studio},
	title = {Library for the Xadow MPU6050},
	url = {https://github.com/Seeed-Studio/Xadow_IMU_6DOF}
}

C232HM datasheet
@MISC{c232hm_datasheet,
	author = {{Future Technology Devices International Ltd}},
	title = {{C232HM Datasheet}},
	note = {Rev 1.1},
	url = {http://www.ftdichip.com/Support/Documents/DataSheets/Cables/DS_C232HM_MPSSE_CABLE.PDF}
}