Speaks about recognising a series of activities using mobile phones
@article{kwapisz2011activity,
  title={Activity recognition using cell phone accelerometers},
  author={Kwapisz, Jennifer R and Weiss, Gary M and Moore, Samuel A},
  journal={ACM SigKDD Explorations Newsletter},
  volume={12},
  number={2},
  pages={74--82},
  year={2011},
  publisher={ACM}
}

Speaks about the feasibility of recognising foot gestures using an accelerometer in the pocket. Comes to the conclusion that it can work quite well, but could not be performed on a 2010's mobile phone - would not work well on the device
@inproceedings{scott2010sensing,
	title={Sensing foot gestures from the pocket},
	author={Scott, Jeremy and Dearman, David and Yatani, Koji and Truong, Khai N},
	booktitle={Proceedings of the 23nd annual ACM symposium on User interface software and technology},
	pages={199--208},
	year={2010},
	organization={ACM}
}

@MISC{NHS2014DVT,
  author = {NHS},
  title = {Deep vein thrombosis},
  year = {2014},
  url = {http://www.nhs.uk/conditions/deep-vein-thrombosis/pages/introduction.aspx}
}

@MISC{virgin2015exercises,
  author = {Virgin Atlantic},
  title = {Inflight exercise},
  year = {2015},
  url = {http://www.virgin-atlantic.com/gb/en/travel-information/your-health/inflight-exercise.html}
}

Discusses using SVMs on phones and the challenges of doing so
@incollection{anguita2012human,
	title={Human activity recognition on smartphones using a multiclass hardware-friendly support vector machine},
	author={Anguita, Davide and Ghio, Alessandro and Oneto, Luca and Parra, Xavier and Reyes-Ortiz, Jorge L},
	booktitle={Ambient assisted living and home care},
	pages={216--223},
	year={2012},
	publisher={Springer}
}

Discusses the workings of MLPs
@article{baum1988capabilities,
	title={On the capabilities of multilayer perceptrons},
	author={Baum, Eric B},
	journal={Journal of complexity},
	volume={4},
	number={3},
	pages={193--215},
	year={1988},
	publisher={Elsevier}
}